<?xml version="1.0" encoding="utf-8"?>
<record xmlns="http://www.loc.gov/MARC21/slim" xmlns:xsi="http://www.w3.org/2001/XMLSchema-instance" xsi:schemaLocation="http://www.loc.gov/MARC21/slim http://www.loc.gov/standards/marcxml/schema/MARC21slim.xsd">
	<leader>
		02449nam a2200361   4500
	</leader>
	<controlfield tag="001">
		3367969
	</controlfield>
	<controlfield tag="003">
		NNC
	</controlfield>
	<controlfield tag="006">
		m        d        
	</controlfield>
	<controlfield tag="007">
		cr cn |||m|||a
	</controlfield>
	<controlfield tag="008">
		160223s1945    xx      o     000 0 ara  
	</controlfield>
	<datafield ind1=" " ind2=" " tag="040">
		<subfield code="a">
			NNU
		</subfield>
		<subfield code="b">
			eng
		</subfield>
		<subfield code="e">
			rda
		</subfield>
		<subfield code="c">
			NNU
		</subfield>
	</datafield>
	<datafield ind1=" " ind2="4" tag="050">
		<subfield code="a">
			PJ6053
		</subfield>
		<subfield code="b">
			.I13 A54 1955
		</subfield>
	</datafield>
	<datafield ind1="1" ind2=" " tag="100">
		<subfield code="6">
			880-01
		</subfield>
		<subfield code="a">
			Ibn al-Anbārī, ʻAbd al-Raḥmān ibn Muḥammad,
		</subfield>
		<subfield code="d">
			1119-1181.
		</subfield>
	</datafield>
	<datafield ind1="1" ind2="3" tag="245">
		<subfield code="6">
			880-02
		</subfield>
		<subfield code="a">
			al-Inṣāf fī masāʼil al-khilāf :
		</subfield>
		<subfield code="b">
			bayna al-naḥwīyīn al-Baṣrīyīn wa-al-Kūfīyīn /
		</subfield>
		<subfield code="c">
			ta ʼlīf Kamāl al-Dīn Abī al-Barakāt ʻAbd al-Raḥmān ibn Muḥammad ibn Abī Saʻīd al-Anbārī al-Nahwḥwī ; taḥqīq Muḥammad Muḥyī al-Dīn ʻAbd al-Ḥamīd.
		</subfield>
	</datafield>
	<datafield ind1=" " ind2=" " tag="260">
		<subfield code="6">
			880-03
		</subfield>
		<subfield code="a">
			[Cairo] :
		</subfield>
		<subfield code="b">
			ʻUniya bi-Nashrihi M. Tawfīq,
		</subfield>
		<subfield code="c">
			1945.
		</subfield>
	</datafield>
	<datafield ind1=" " ind2=" " tag="300">
		<subfield code="a">
			online resource (2 volumes in 1 (455 pages))
		</subfield>
	</datafield>
	<datafield ind1=" " ind2=" " tag="336">
		<subfield code="a">
			text
		</subfield>
		<subfield code="2">
			rdacontent
		</subfield>
	</datafield>
	<datafield ind1=" " ind2=" " tag="337">
		<subfield code="a">
			computer
		</subfield>
		<subfield code="2">
			rdamedia
		</subfield>
	</datafield>
	<datafield ind1=" " ind2=" " tag="338">
		<subfield code="a">
			online resource
		</subfield>
		<subfield code="2">
			rdacarrier
		</subfield>
	</datafield>
	<datafield ind1=" " ind2=" " tag="500">
		<subfield code="a">
			Part of the Arabic Collections Online (ACO) project, contributed by Columbia University Libraries.
		</subfield>
	</datafield>
	<datafield ind1=" " ind2=" " tag="533">
		<subfield code="a">
			Electronic reproduction.
		</subfield>
		<subfield code="b">
			New York, N.Y. :
		</subfield>
		<subfield code="c">
			New York University,
		</subfield>
		<subfield code="d">
			2016.
		</subfield>
		<subfield code="5">
			NNU
		</subfield>
	</datafield>
	<datafield ind1=" " ind2="0" tag="650">
		<subfield code="a">
			Arabic language
		</subfield>
		<subfield code="x">
			Study and teaching.
		</subfield>
	</datafield>
	<datafield ind1=" " ind2="7" tag="650">
		<subfield code="a">
			Arabic language
		</subfield>
		<subfield code="x">
			Study and teaching.
		</subfield>
		<subfield code="2">
			fast
		</subfield>
		<subfield code="0">
			(OCoLC)fst00812429
		</subfield>
	</datafield>
	<datafield ind1="2" ind2=" " tag="710">
		<subfield code="a">
			Columbia University.
		</subfield>
		<subfield code="b">
			Libraries.
		</subfield>
	</datafield>
	<datafield ind1="0" ind2=" " tag="730">
		<subfield code="a">
			Arabic Collections Online.
		</subfield>
	</datafield>
	<datafield ind1="0" ind2="8" tag="776">
		<subfield code="i">
			Online version:
		</subfield>
		<subfield code="a">
			Ibn al-Anbārī, ʻAbd al-Raḥmān ibn Muḥammad, 1119-1181.
		</subfield>
		<subfield code="t">
			Inṣāf fi masāʻil al-khilāf.
		</subfield>
		<subfield code="d">
			1955
		</subfield>
		<subfield code="w">
			(OCoLC)583557854
		</subfield>
	</datafield>
	<datafield ind1="0" ind2="8" tag="776">
		<subfield code="i">
			Print version:
		</subfield>
		<subfield code="a">
			Ibn al-Anbārī, ʻAbd al-Raḥmān ibn Muḥammad, 1119-1181.
		</subfield>
		<subfield code="t">
			al-Inṣāf fī masāʼil al-khilāf
		</subfield>
		<subfield code="w">
			(NNC)3367969
		</subfield>
		<subfield code="w">
			(DLC)ne 61000057 
		</subfield>
		<subfield code="w">
			(OCoLC)23486738
		</subfield>
	</datafield>
	<datafield ind1="4" ind2="0" tag="856">
		<subfield code="u">
			http://hdl.handle.net/2333.1/4xgxd586
		</subfield>
	</datafield>
	<datafield ind1="1" ind2=" " tag="880">
		<subfield code="6">
			100-01/r
		</subfield>
		<subfield code="a">
			ابن الانباري، عبد الرحمن بن محمد،
		</subfield>
		<subfield code="d">
			1119-1181.
		</subfield>
	</datafield>
	<datafield ind1="1" ind2="2" tag="880">
		<subfield code="6">
			245-02/r
		</subfield>
		<subfield code="a">
			الانصاف في مسائل الخلاف :
		</subfield>
		<subfield code="b">
			بين النحويين البصريين والكوفيين /
		</subfield>
		<subfield code="c">
			تأليف كمال الدين ابي البركات عبد الرحمن بن محمد بن ابي سعيد الانباري النهوحوي ؛ تحقيق محمد محيي الدين عبد الحميد.
		</subfield>
	</datafield>
	<datafield ind1=" " ind2=" " tag="880">
		<subfield code="6">
			260-03/r
		</subfield>
		<subfield code="a">
			[القاهرة] :
		</subfield>
		<subfield code="b">
			عني بنشره م. توفيق،
		</subfield>
		<subfield code="c">
			1945.
		</subfield>
	</datafield>
	<datafield ind1=" " ind2=" " tag="959">
		<subfield code="a">
			NNU
		</subfield>
		<subfield code="b">
			WEB
		</subfield>
		<subfield code="c">
			GENI
		</subfield>
		<subfield code="t">
			0
		</subfield>
		<subfield code="m">
			Electronic access
		</subfield>
		<subfield code="s">
			01
		</subfield>
	</datafield>
	<datafield ind1=" " ind2=" " tag="999">
		<subfield code="i">
			NNC_3367969
		</subfield>
		<subfield code="o">
			(OCoLC)ocm23486738
		</subfield>
		<subfield code="s">
			columbia_aco001492:v.1-2
		</subfield>
		<subfield code="e">
			(ERROR-880)
		</subfield>
		<subfield code="s">
			columbia_aco001492:v.1-2
		</subfield>
	</datafield>
</record>
